@article{bixby2012brief,
  title={A brief history of linear and mixed-integer programming computation},
  author={Bixby, Robert E},
  journal={Documenta Mathematica},
  pages={107--121},
  year={2012}
}

@book{paarsch2016gentle,
  title={A Gentle Introduction to Effective Computing in Quantitative Research: What Every Research Assistant Should Know},
  author={Paarsch, Harry J and Golyaev, Konstantin},
  year={2016},
  publisher={MIT Press}
}